@book{AlgNumberTheory,
	author = {JÃ¼rgen Neukirch},
	title = {Algebraic Number Theory},
	publisher = {Springer},
	year = {1992}
}
@book{EllipticCurves,
	author = {Joseph Silverman},
	title = {The Arithmetic of Elliptic Curves},
	publisher = {Springer},
	date={2009}
}